<record><leader>00000cas a22000007a 4500</leader><controlfield tag="001">18609328</controlfield><controlfield tag="008">881014d18701905mduwr ne      0    0eng d</controlfield><datafield ind1=" " ind2=" " tag="010"><subfield code="a">sn 88065130 </subfield></datafield><datafield ind1=" " ind2=" " tag="040"><subfield code="a">MFN</subfield><subfield code="b">eng</subfield><subfield code="c">MFN</subfield><subfield code="d">OCLCQ</subfield></datafield><datafield ind1=" " ind2=" " tag="042"><subfield code="a">msc</subfield></datafield><datafield ind1="0" ind2="4" tag="245"><subfield code="a">The Baltimore County Democrat.</subfield></datafield><datafield ind1=" " ind2=" " tag="260"><subfield code="a">Towsontown, Md. :</subfield><subfield code="b">W. Bouldin</subfield></datafield><datafield ind1=" " ind2=" " tag="300"><subfield code="a">v.</subfield></datafield><datafield ind1=" " ind2=" " tag="310"><subfield code="a">Weekly</subfield></datafield><datafield ind1="1" ind2=" " tag="362"><subfield code="a">Began in 1870; ceased in May 1905.</subfield></datafield><datafield ind1=" " ind2=" " tag="588"><subfield code="a">Description based on: Vol. 1, no. 15 (July 6, 1870).</subfield></datafield><datafield ind1=" " ind2=" " tag="752"><subfield code="a">United States</subfield><subfield code="b">Maryland</subfield><subfield code="c">Baltimore</subfield><subfield code="d">Towson.</subfield></datafield><datafield ind1="0" ind2="5" tag="780"><subfield code="t">Baltimore County herald</subfield><subfield code="w">(DLC)sn 84026677</subfield></datafield><datafield ind1="0" ind2="7" tag="785"><subfield code="t">Maryland journal (Towson, Md.)</subfield><subfield code="w">(DLC)sn 83016633</subfield></datafield><datafield ind1="0" ind2="7" tag="785"><subfield code="t">Democrat and journal (Towson, Md.)</subfield><subfield code="w">(DLC)sn 88065131</subfield></datafield></record>